@INPROCEEDINGS{HH-for-acks,

author={[Submitted] J. {Moraney} and D. {Raz}},

booktitle={2021 IFIP/IEEE International Symposium on Integrated Network Management (IM)}, 

title={On the Practical Detection of the Heavy Hitter Flows}, 

year={2021},

volume={},

number={},

pages={},}

@INPROCEEDINGS{topk-for-acks,

author={J. {Moraney} and D. {Raz}},

booktitle={2018 14th International Conference on Network and Service Management (CNSM)}, 

title={On the Practical Detection of the Top-k Flows}, 

year={2018},

volume={},

number={},

pages={81-89},}
  
@INPROCEEDINGS{HHH-for-acks,

author={J. {Moraney} and D. {Raz}},

booktitle={2020 IFIP Networking Conference (Networking)}, 

title={On the Practical Detection of Hierarchical Heavy Hitters}, 

year={2020},

volume={},

number={},

pages={37-45},}